@article{PhysRevLett.120.143001,
	title = {Deep Potential Molecular Dynamics: A Scalable Model with the Accuracy of Quantum Mechanics},
	author = {Zhang, Linfeng and Han, Jiequn and Wang, Han and Car, Roberto and E, Weinan},
	journal = {Phys. Rev. Lett.},
	volume = {120},
	issue = {14},
	pages = {143001},
	numpages = {6},
	year = {2018},
	month = {Apr},
	publisher = {American Physical Society},
	doi = {10.1103/PhysRevLett.120.143001},
	url = {https://link.aps.org/doi/10.1103/PhysRevLett.120.143001}
}


@misc{kingma2017adam,
	title={Adam: A Method for Stochastic Optimization}, 
	author={Diederik P. Kingma and Jimmy Ba},
	year={2017},
	eprint={1412.6980},
	archivePrefix={arXiv},
	primaryClass={cs.LG}
}

@article{PhysRevLett.98.146401,
	title = {Generalized Neural-Network Representation of High-Dimensional Potential-Energy Surfaces},
	author = {Behler, J\"org and Parrinello, Michele},
	journal = {Phys. Rev. Lett.},
	volume = {98},
	issue = {14},
	pages = {146401},
	numpages = {4},
	year = {2007},
	month = {Apr},
	publisher = {American Physical Society},
	doi = {10.1103/PhysRevLett.98.146401},
	url = {https://link.aps.org/doi/10.1103/PhysRevLett.98.146401}
}

@article{Chmiela_2017,
	title={Machine learning of accurate energy-conserving molecular force fields},
	volume={3},
	ISSN={2375-2548},
	url={http://dx.doi.org/10.1126/sciadv.1603015},
	DOI={10.1126/sciadv.1603015},
	number={5},
	journal={Science Advances},
	publisher={American Association for the Advancement of Science (AAAS)},
	author={Chmiela, Stefan and Tkatchenko, Alexandre and Sauceda, Huziel E. and Poltavsky, Igor and Schütt, Kristof T. and Müller, Klaus-Robert},
	year={2017},
	month={May},
	pages={e1603015}
}

@article{article,
author = {Yue, Shuwen and Muniz, Maria and Andrade, Marcos and Zhang, Linfeng and Car, Roberto and Panagiotopoulos, Athanassios},
year = {2021},
month = {01},
pages = {034111},
title = {When do short-range atomistic machine-learning models fall short?},
volume = {154},
journal = {The Journal of Chemical Physics},
doi = {10.1063/5.0031215}
}
