@article{article,
author = {Song, Sen and Miller, Kenneth and Abbott, L.F.},
year = {2000},
month = {10},
pages = {919-26},
title = {Competitive Hebbian learning through spike timing-dependent plasticity},
volume = {3},
journal = {Nature neuroscience},
doi = {10.1038/78829}
}
