@misc{zenke2017continual,
      title={Continual Learning Through Synaptic Intelligence}, 
      author={Friedemann Zenke and Ben Poole and Surya Ganguli},
      year={2017},
      eprint={1703.04200},
      archivePrefix={arXiv},
      primaryClass={cs.LG}
}

@misc{kirkpatrick2017overcoming,
      title={Overcoming catastrophic forgetting in neural networks}, 
      author={James Kirkpatrick and Razvan Pascanu and Neil Rabinowitz and Joel Veness and Guillaume Desjardins and Andrei A. Rusu and Kieran Milan and John Quan and Tiago Ramalho and Agnieszka Grabska-Barwinska and Demis Hassabis and Claudia Clopath and Dharshan Kumaran and Raia Hadsell},
      year={2017},
      eprint={1612.00796},
      archivePrefix={arXiv},
      primaryClass={cs.LG}
}
