@article{article,
author = {Shen, Li and Margolies, Laurie and Rothstein, Joseph and Fluder, Eugene and McBride, Russell and Sieh, Weiva},
year = {2019},
month = {08},
pages = {1-12},
title = {Deep Learning to Improve Breast Cancer Detection on Screening Mammography},
volume = {9},
journal = {Scientific Reports},
doi = {10.1038/s41598-019-48995-4}
}
