% Encoding: UTF-8

@misc{molecules,
  title   = {Molecules and Molecular Compounds},
  year    = {2021},
  howpublished = {\url https://chem.libretexts.org/@go/page/21702},
  note    = {Retrieved: April 1, 2021}
}

@misc{wu2018moleculenet,
      title={MoleculeNet: A Benchmark for Molecular Machine Learning}, 
      author={Zhenqin Wu and Bharath Ramsundar and Evan N. Feinberg and Joseph Gomes and Caleb Geniesse and Aneesh S. Pappu and Karl Leswing and Vijay Pande},
      year={2018},
      eprint={1703.00564},
      archivePrefix={arXiv},
      primaryClass={cs.LG}
}

